<record><leader>00000cas a22000007a 4500</leader><controlfield tag="001">14929001</controlfield><controlfield tag="008">861205d19151916wyucr ne      0    0eng  </controlfield><controlfield tag="009">466</controlfield><datafield ind1=" " ind2=" " tag="010"><subfield code="a">sn 86072188 </subfield></datafield><datafield ind1=" " ind2=" " tag="040"><subfield code="a">DLC</subfield><subfield code="b">eng</subfield><subfield code="c">DLC</subfield><subfield code="d">NVO</subfield><subfield code="d">OCLCQ</subfield></datafield><datafield ind1="1" ind2=" " tag="029"><subfield code="a">AU@</subfield><subfield code="b">000025799980</subfield></datafield><datafield ind1=" " ind2=" " tag="042"><subfield code="a">msc</subfield></datafield><datafield ind1="0" ind2="0" tag="050"><subfield code="a">Newspaper</subfield></datafield><datafield ind1="0" ind2=" " tag="130"><subfield code="a">Laramie semi-weekly boomerang (Laramie, Wyo. : 1915)</subfield></datafield><datafield ind1="0" ind2="0" tag="245"><subfield code="a">Laramie semi-weekly boomerang.</subfield></datafield><datafield ind1="1" ind2="3" tag="246"><subfield code="a">Semi-weekly boomerang</subfield></datafield><datafield ind1=" " ind2=" " tag="260"><subfield code="a">Laramie, Wyo. :</subfield><subfield code="b">Boomerang Print. Co.</subfield></datafield><datafield ind1=" " ind2=" " tag="300"><subfield code="a">v.</subfield></datafield><datafield ind1=" " ind2=" " tag="310"><subfield code="a">Semiweekly</subfield></datafield><datafield ind1="0" ind2=" " tag="362"><subfield code="a">Vol. 31, no. 70 (Sept. 16, 1915)-v. 35, no. 102 (Dec. 21, 1916).</subfield></datafield><datafield ind1=" " ind2=" " tag="515"><subfield code="a">Vol. 32-34 not published.</subfield></datafield><datafield ind1=" " ind2=" " tag="580"><subfield code="a">Daily ed.: Laramie daily boomerang, Nov. 17, 1913-Dec. 23, 1916.</subfield></datafield><datafield ind1=" " ind2="4" tag="651"><subfield code="a">Laramie (Wyo.)</subfield><subfield code="v">Newspapers.</subfield></datafield><datafield ind1=" " ind2="4" tag="651"><subfield code="a">Albany County (Wyo.)</subfield><subfield code="v">Newspapers.</subfield></datafield><datafield ind1=" " ind2=" " tag="752"><subfield code="a">United States</subfield><subfield code="b">Wyoming</subfield><subfield code="c">Albany</subfield><subfield code="d">Laramie.</subfield></datafield><datafield ind1="1" ind2=" " tag="775"><subfield code="t">Laramie daily boomerang (Laramie, Wyo. : 1913)</subfield><subfield code="w">(DLC)sn 92066998</subfield></datafield><datafield ind1="0" ind2="0" tag="780"><subfield code="t">Semi-weekly boomerang (Laramie, Wyo. : 1913)</subfield><subfield code="w">(DLC)sn 92066995</subfield></datafield><datafield ind1="0" ind2="0" tag="785"><subfield code="t">Semi-weekly boomerang (Laramie, Wyo. : 1916)</subfield><subfield code="w">(DLC)sn 86072189</subfield></datafield></record>